@STRING{icra = {{Proc. {IEEE} Int. Conf. Robotics and Automation (ICRA)}}}
@STRING{iros = {Proc. IEEE/RSJ Int. Conf. on Intelligent Robots and Systems (IROS)}}
@STRING{ijrr = {Int. J. Robotics Research (IJRR)}}
@STRING{rss = {Proc. Robotics: Science and Systems (RSS)}}
@STRING{tra = {IEEE Trans. Robotics and Automation}}
@STRING{tro = {IEEE Trans. Robotics}}
@STRING{ram = {IEEE Robotics \& Automation Magazine}}

@book{bajaj1997,
  title={Introduction to implicit surfaces},
  author={Bajaj, Chandrajit},
  year={1997},
  publisher={Morgan Kaufmann}
}

@article{solak2003derivative,
  title={Derivative observations in Gaussian process models of dynamic systems},
  author={Solak, Ercan and Murray-Smith, Roderick and Leithead, William E and Leith, Douglas J and Rasmussen, Carl Edward},
  year={2003},
  publisher={MIT Press}
}
@book{van2014computer,
  title={Computer graphics: principles and practice},
  author={Van Dam, Andries and Feiner, Steven K},
  year={2014},
  publisher={Pearson Education}
}

@article{williams2007,
  title={Gaussian process implicit surfaces},
  author={Williams, Oliver and Fitzgibbon, Andrew},
  journal={Gaussian Proc. in Practice},
  year={2007}
}

@book{barto1998reinforcement,
  title={Reinforcement learning: An introduction},
  author={Barto, Andrew G},
  year={1998},
  publisher={MIT press}
}
@inproceedings{newcombe2011kinectfusion,
  title={KinectFusion: Real-time dense surface mapping and tracking},
  author={Newcombe, Richard A and Davison, Andrew J and Izadi, Shahram and Kohli, Pushmeet and Hilliges, Otmar and Shotton, Jamie and Molyneaux, David and Hodges, Steve and Kim, David and Fitzgibbon, Andrew},
  booktitle={Mixed and augmented reality (ISMAR), 2011 10th IEEE international symposium on},
  pages={127--136},
  year={2011},
  organization={IEEE}
}

@inproceedings{kehoe2012toward,
  title={Toward cloud-based grasping with uncertainty in shape: Estimating lower bounds on achieving force closure with zero-slip push grasps},
  author={Kehoe, Ben and Berenson, Dmitry and Goldberg, Ken},
  booktitle={Robotics and Automation (ICRA), 2012 IEEE International Conference on},
  pages={576--583},
  year={2012},
  organization={IEEE}
}

@inproceedings{curless1996volumetric,
  title={A volumetric method for building complex models from range images},
  author={Curless, Brian and Levoy, Marc},
  booktitle={Proceedings of the 23rd annual conference on Computer graphics and interactive techniques},
  pages={303--312},
  year={1996},
  organization={ACM}
}

\cite{@inproceedings{kehoe2012estimating,
  title={Estimating part tolerance bounds based on adaptive cloud-based grasp planning with slip},
  author={Kehoe, Ben and Berenson, Dmitry and Goldberg, Ken},
  booktitle={Automation Science and Engineering (CASE), 2012 IEEE International Conference on},
  pages={1106--1113},
  year={2012},
  organization={IEEE}
}


@inproceedings{felip2009robust,
  title={Robust sensor-based grasp primitive for a three-finger robot hand},
  author={Felip, Javier and Morales, Antonio},
  booktitle={Intelligent Robots and Systems, 2009. IROS 2009. IEEE/RSJ International Conference on},
  pages={1811--1816},
  year={2009},
  organization={IEEE}
}


@inproceedings{stulp2011learning,
  title={Learning to grasp under uncertainty},
  author={Stulp, Freek and Theodorou, Evangelos and Buchli, Jonas and Schaal, Stefan},
  booktitle={Robotics and Automation (ICRA), 2011 IEEE International Conference on},
  pages={5703--5708},
  year={2011},
  organization={IEEE}
}

@inproceedings{goldberg1990bayesian,
  title={Bayesian grasping},
  author={Goldberg, Kenneth Y and Mason, Matthew T},
  booktitle={Robotics and Automation, 1990. Proceedings., 1990 IEEE International Conference on},
  pages={1264--1269},
  year={1990},
  organization={IEEE}
}

article{goldberg1990stochastic,
  title={Stochastic plans for robotic manipulation},
  author={Goldberg, Kenneth Yigael},
  year={1990},
  publisher={Citeseer}
}


@article{hornung2013octomap,
  title={OctoMap: An efficient probabilistic 3D mapping framework based on octrees},
  author={Hornung, Armin and Wurm, Kai M and Bennewitz, Maren and Stachniss, Cyrill and Burgard, Wolfram},
  journal={Autonomous Robots},
  volume={34},
  number={3},
  pages={189--206},
  year={2013},
  publisher={Springer}
}

@inproceedings{christopoulos2007handling,
  title={Handling shape and contact location uncertainty in grasping two-dimensional planar objects},
  author={Christopoulos, Vassilios N and Schrater, Paul},
  booktitle={Intelligent Robots and Systems, 2007. IROS 2007. IEEE/RSJ International Conference on},
  pages={1557--1563},
  year={2007},
  organization={IEEE}
}


@inproceedings{pokorny2013classical,
  title={Classical grasp quality evaluation: New algorithms and theory},
  author={Pokorny, Florian T and Kragic, Danica},
  booktitle={Intelligent Robots and Systems (IROS), 2013 IEEE/RSJ International Conference on},
  pages={3493--3500},
  year={2013},
  organization={IEEE}
}

@article{singhbigbird,
  title={BigBIRD: A Large-Scale 3D Database of Object Instances},
  author={Singh, Arjun and Sha, James and Narayan, Karthik S and Achim, Tudor and Abbeel, Pieter}
}

@book{rasmussen2006,
  title={Gaussian processes for machine learning},
  author={Rasmussen, C and Williams, C},
  year={2006},
  publisher={MIT Press}
}

@article{petersen2008matrix,
  title={The matrix cookbook},
  author={Petersen, Kaare Brandt}
}

#@article{solak2003derivative,
#title={Derivative observations in Gaussian process models of dynamic systems},
#author={Solak, Ercan and Murray-Smith, Roderick and Leithead, William E and Leith, Douglas J and Rasmussen, Carl Edward},
#year={2003}
#}

@article{williams2007,
  title={Gaussian process implicit surfaces},
  author={Williams, Oliver and Fitzgibbon, Andrew},
  journal={Gaussian Proc. in Practice},
  year={2007}
}

@inproceedings{dragiev2011,
  title={Gaussian process implicit surfaces for shape estimation and grasping},
  author={Dragiev, Stanimir and Toussaint, Marc and Gienger, Michael},
  booktitle=icra,
  pages={2845--2850},
  year={2011}
}

@article{hollinger2013,
  title={Active planning for underwater inspection and the benefit of adaptivity},
  author={Hollinger, Geoffrey A and Englot, Brendan and Hover, Franz S and Mitra, Urbashi and Sukhatme, Gaurav S},
  journal=ijrr,
  volume={32},
  number={1},
  pages={3--18},
  year={2013}
}

@article{olano1997normal,
  title={Normal distribution mapping},
  author={Olano, Marc and North, Michael},
  journal={Univ. of North Carolina Computer Science Technical Report},
  pages={97--041},
  year={1997}
}

@inproceedings{ferrari1992,
author = {Ferrari, C. and Canny, J.},
booktitle = icra,
pages = {2290--2295},
title = {Planning optimal grasps},
year = {1992}
}

@inproceedings{mishra1995,
author = {Mishra, B.},
booktitle = {Algorithmic Foundations of Robotics},
title = {Grasp Metrics: {O}ptimality and Complexity},
year = {1995}
}

@inproceedings{bicchi2000,
  title={Robotic grasping and contact: {A} review},
  author={Bicchi, Antonio and Kumar, Vijay},
  booktitle=icra,
  pages={348--353},
  year={2000}
}

@article{gibbs1997,
  title={Efficient implementation of Gaussian processes},
  author={Gibbs, Mark and MacKay, David JC},
  year={1997}
}

@inproceedings{raykar2007,
  title={Fast large scale Gaussian process regression using approximate matrix-vector products},
  author={Raykar, Vikas C and Duraiswami, Ramani},
  booktitle={Learning workshop},
  year={2007}
}

@article{chalupka2013,
  title={A framework for evaluating approximation methods for Gaussian process regression},
  author={Chalupka, Krzysztof and Williams, Christopher KI and Murray, Iain},
  journal={Journal of Machine Learning Research},
  volume={14},
  number={1},
  pages={333--350},
  year={2013}
}

@inproceedings{schulman2011,
  title={Grasping and fixturing as submodular coverage problems},
  author={Schulman, John D and Goldberg, Ken and Abbeel, Pieter},
  booktitle={Int. Symp. on Robotics Research (ISRR)},
  pages={1--12},
  year={2011}
}

@inproceedings{miller1999,
  title={Examples of 3D grasp quality computations},
  author={Miller, Andrew T and Allen, Peter K},
  booktitle=icra,
  volume={2},
  pages={1240--1246},
  year={1999}
}

@article{ciocarlie2009,
  title={Hand posture subspaces for dexterous robotic grasping},
  author={Ciocarlie, Matei T and Allen, Peter K},
  journal=ijrr,
  volume={28},
  number={7},
  pages={851--867},
  year={2009}
}

@Manual{SymPy,
title = {SymPy: Python library for symbolic mathematics},
author = {{SymPy Development Team}},
year = {2014},
url = {http://www.sympy.org},
}


@inproceedings{bjorkman2013enhancing,
  title={Enhancing visual perception of shape through tactile glances},
  author={Bjorkman, Marten and Bekiroglu, Yasemin and Hogman, Virgile and Kragic, Danica},
  booktitle={Intelligent Robots and Systems (IROS), 2013 IEEE/RSJ International Conference on},
  pages={3180--3186},
  year={2013},
  organization={IEEE}
}

@article{rasmussen2010gaussian,
  title={Gaussian processes for machine learning (GPML) toolbox},
  author={Rasmussen, Carl Edward and Nickisch, Hannes},
  journal={The Journal of Machine Learning Research},
  volume={9999},
  pages={3011--3015},
  year={2010},
  publisher={JMLR. org}
}


@article{zheng2005,
  title={Coping with the grasping uncertainties in force-closure analysis},
  author={Zheng, Yu and Qian, Wen-Han},
  journal=ijrr,
  volume={24},
  number={4},
  pages={311--327},
  year={2005}
}

@article{zheng2013,
  title={An efficient algorithm for a grasp quality measure},
  author={Zheng, Yu},
  journal=tro,
  volume={29},
  number={2},
  pages={579--585},
  year={2013}
}
